@article{dillon2017tensorflow,
  title={Tensorflow distributions},
  author={Dillon, Joshua V and Langmore, Ian and Tran, Dustin and Brevdo, Eugene and Vasudevan, Srinivas and Moore, Dave and Patton, Brian and Alemi, Alex and Hoffman, Matt and Saurous, Rif A},
  journal={arXiv preprint arXiv:1711.10604},
  year={2017}
}

@misc{transportmaps,
  author = {Daniele Bigoni},
  title = {{TransportMaps}},
  year = {2015},
  publisher = {Bitbucket},
  journal = {Bitbucket repository},
  url = {https://transportmaps.mit.edu}
}

@misc{atm,
  author = {Ricardo Baptista and Paul-Baptiste Rubio and Olivier Zahm and Youssef Marzouk},
  title = {Adaptive Transport Maps {(ATM)}},
  year = {2021},
  publisher = {GitHub},
  journal = {GitHub repository},
  url = {https://github.com/baptistar/ATM}
}

@article{parno2021muq,
  title={{MUQ}: The {MIT} uncertainty quantification library},
  author={Parno, Matthew and Davis, Andrew and Seelinger, Linus},
  journal={Journal of Open Source Software},
  volume={6},
  number={68},
  pages={3076},
  year={2021},
  doi="10.21105/joss.03076"
}

@article{parno2018transport,
  title={Transport map accelerated {M}arkov chain {M}onte {C}arlo},
  author={Parno, Matthew and Marzouk, Youssef},
  journal={SIAM/ASA Journal on Uncertainty Quantification},
  volume={6},
  number={2},
  pages={645--682},
  year={2018},
  publisher={SIAM},
  doi="10.1137/17m1134640"
}

@article{cotter2019ensemble,
  title={Ensemble transport adaptive importance sampling},
  author={Cotter, Colin and Cotter, Simon and Russell, Paul},
  journal={SIAM/ASA Journal on Uncertainty Quantification},
  volume={7},
  number={2},
  pages={444--471},
  year={2019},
  publisher={SIAM},
  doi="10.1137/17m1114867"
}

@article{el2012bayesian,
  title={Bayesian inference with optimal maps},
  author={Moselhy, Tarek and Marzouk, Youssef},
  journal={Journal of Computational Physics},
  volume={231},
  number={23},
  pages={7815--7850},
  year={2012},
  publisher={Elsevier}
}

@inproceedings{bigoni2016adaptive,
  title={Adaptive construction of measure transports for {B}ayesian inference},
  author={Bigoni, Daniele and Spantini, Alessio and Marzouk, Youssef},
  booktitle={NIPS workshop on Approximate Inference},
  year={2016}
}


@article{papamakarios2021normalizing,
  title={Normalizing Flows for Probabilistic Modeling and Inference.},
  author={Papamakarios, George and Nalisnick, Eric T and Rezende, Danilo Jimenez and Mohamed, Shakir and Lakshminarayanan, Balaji},
  journal={The Journal of Machine Learning Research},
  volume={22},
  number={57},
  pages={1--64},
  year={2021}
}

@article{edwards2014kokkos,
  title={Kokkos: Enabling manycore performance portability through polymorphic memory access patterns},
  author={Edwards, H Carter and Trott, Christian R and Sunderland, Daniel},
  journal={Journal of Parallel and Distributed Computing},
  volume={74},
  number={12},
  pages={3202--3216},
  year={2014},
  publisher={Elsevier},
  doi="10.1016/j.jpdc.2014.07.003"
}

@book{santambrogio2015optimal,
    title={Optimal transport for applied mathematicians},
    author={Santambrogio, Filippo},
    volume={87},
    publisher={Birk{\"a}user Cham},
    year={2015},
    edition={1},
    doi="10.1007/978-3-319-20828-2"
}

@Inbook{Marzouk2016,
    author="Marzouk, Youssef
    and Moselhy, Tarek
    and Parno, Matthew
    and Spantini, Alessio",
    editor="Ghanem, Roger
    and Higdon, David
    and Owhadi, Houman",
    title="Sampling via Measure Transport: An Introduction",
    bookTitle="Handbook of Uncertainty Quantification",
    year="2016",
    publisher="Springer International Publishing",
    address="Cham",
    pages="1--41",
    isbn="978-3-319-11259-6",
    doi="10.1007/978-3-319-11259-6_23-1",
    url="https://doi.org/10.1007/978-3-319-11259-6_23-1"
}

@article{spantini2019coupling,
  title={Coupling techniques for nonlinear ensemble filtering},
  author={Spantini, Alessio and Baptista, Ricardo and Marzouk, Youssef},
  journal={SIAM Review (to appear)},
  note={arXiv:1907.00389},
  year={2022}
}

@article{baptista2022adaptive,
  title={On the representation and learning of monotone triangular transport maps},
  author={Baptista, Ricardo and Zahm, Olivier and Marzouk, Youssef},
  journal={arXiv preprint arXiv:2009.10303v2},
  year={2022}
}

@article{spantini2018inference,
  title={Inference via low-dimensional couplings},
  author={Spantini, Alessio and Bigoni, Daniele and Marzouk, Youssef},
  journal={The Journal of Machine Learning Research},
  volume={19},
  number={1},
  pages={2639--2709},
  year={2018}
}
